@Article{CohenTanoudji2023,
  author    = {Cohen-Tanoudji, Gilles and Gazeau, Jean-Pierre},
  journal   = {SciPost Physics Proceedings},
  title     = {Dark matter as a QCD effect in an anti de Sitter geometry: Cosmogonic implications of de Sitter, anti de Sitter and Poincaré symmetries},
  year      = {2023},
  issn      = {2666-4003},
  month     = nov,
  number    = {14},
  doi       = {10.21468/scipostphysproc.14.004},
  publisher = {Stichting SciPost},
}

@Article{Jalali2013,
  author    = {Jalali, H.R. and Tavassoly, M.K.},
  journal   = {Optics Communications},
  title     = {On the ladder operators and nonclassicality of generalized coherent state associated with a particle in an infinite square well},
  year      = {2013},
  issn      = {0030-4018},
  month     = jul,
  pages     = {161--167},
  volume    = {298–299},
  doi       = {10.1016/j.optcom.2013.02.006},
  publisher = {Elsevier BV},
}

@Article{st,
  author    = {Curado, E. M. F. and Rego-Monteiro, M. A. and Nazareno, H. N.},
  journal   = {Physical Review A},
  title     = {Heisenberg-type structures of one-dimensional quantum Hamiltonians},
  year      = {2001},
  issn      = {1094-1622},
  month     = jun,
  number    = {1},
  pages     = {012105},
  volume    = {64},
  doi       = {10.1103/physreva.64.012105},
  publisher = {American Physical Society (APS)},
}

@Comment{jabref-meta: databaseType:bibtex;}
