
@article{horodecki_quantum_2009,
	title = {Quantum entanglement},
	volume = {81},
	rights = {http://link.aps.org/licenses/aps-default-license},
	issn = {0034-6861, 1539-0756},
	url = {https://link.aps.org/doi/10.1103/RevModPhys.81.865},
	doi = {10.1103/RevModPhys.81.865},
	pages = {865--942},
	number = {2},
	journaltitle = {Reviews of Modern Physics},
	shortjournal = {Rev. Mod. Phys.},
	author = {Horodecki, Ryszard and Horodecki, Paweł and Horodecki, Michał and Horodecki, Karol},
	urldate = {2025-09-03},
	date = {2009-06-17},
	langid = {english},
	file = {PDF:/home/oel/Zotero/storage/8P7SM2K5/Horodecki et al. - 2009 - Quantum entanglement.pdf:application/pdf},
}

@article{amico_entanglement_2008,
	title = {Entanglement in many-body systems},
	volume = {80},
	rights = {http://link.aps.org/licenses/aps-default-license},
	issn = {0034-6861, 1539-0756},
	url = {https://link.aps.org/doi/10.1103/RevModPhys.80.517},
	doi = {10.1103/RevModPhys.80.517},
	pages = {517--576},
	number = {2},
	journaltitle = {Reviews of Modern Physics},
	shortjournal = {Rev. Mod. Phys.},
	author = {Amico, Luigi and Fazio, Rosario and Osterloh, Andreas and Vedral, Vlatko},
	urldate = {2025-09-03},
	date = {2008-05-06},
	langid = {english},
	file = {PDF:/home/oel/Zotero/storage/LCN8L7DW/Amico et al. - 2008 - Entanglement in many-body systems.pdf:application/pdf},
}

@article{aspect_experimental_1981,
	title = {Experimental Tests of Realistic Local Theories via Bell's Theorem},
	volume = {47},
	rights = {http://link.aps.org/licenses/aps-default-license},
	issn = {0031-9007},
	url = {https://link.aps.org/doi/10.1103/PhysRevLett.47.460},
	doi = {10.1103/PhysRevLett.47.460},
	pages = {460--463},
	number = {7},
	journaltitle = {Physical Review Letters},
	shortjournal = {Phys. Rev. Lett.},
	author = {Aspect, Alain and Grangier, Philippe and Roger, Gérard},
	urldate = {2025-09-05},
	date = {1981-08-17},
	langid = {english},
	file = {PDF:/home/oel/Zotero/storage/2TTF9PDP/Aspect et al. - 1981 - Experimental Tests of Realistic Local Theories via Bell's Theorem.pdf:application/pdf},
}

@article{aspect_experimental_1982,
	title = {Experimental Realization of Einstein-Podolsky-Rosen-Bohm \textit{Gedankenexperiment} : A New Violation of Bell's Inequalities},
	volume = {49},
	rights = {http://link.aps.org/licenses/aps-default-license},
	issn = {0031-9007},
	url = {https://link.aps.org/doi/10.1103/PhysRevLett.49.91},
	doi = {10.1103/PhysRevLett.49.91},
	shorttitle = {Experimental Realization of Einstein-Podolsky-Rosen-Bohm \textit{Gedankenexperiment}},
	pages = {91--94},
	number = {2},
	journaltitle = {Physical Review Letters},
	shortjournal = {Phys. Rev. Lett.},
	author = {Aspect, Alain and Grangier, Philippe and Roger, Gérard},
	urldate = {2025-09-05},
	date = {1982-07-12},
	langid = {english},
	file = {PDF:/home/oel/Zotero/storage/BY9H9DLH/Aspect et al. - 1982 - Experimental Realization of Einstein-Podolsky-Rosen-Bohm Gedankenexperiment  A New Violation.pdf:application/pdf},
}

@article{aspect_experimental_1982-1,
	title = {Experimental Test of Bell's Inequalities Using Time- Varying Analyzers},
	volume = {49},
	rights = {http://link.aps.org/licenses/aps-default-license},
	issn = {0031-9007},
	url = {https://link.aps.org/doi/10.1103/PhysRevLett.49.1804},
	doi = {10.1103/PhysRevLett.49.1804},
	pages = {1804--1807},
	number = {25},
	journaltitle = {Physical Review Letters},
	shortjournal = {Phys. Rev. Lett.},
	author = {Aspect, Alain and Dalibard, Jean and Roger, Gérard},
	urldate = {2025-09-07},
	date = {1982-12-20},
	langid = {english},
	file = {PDF:/home/oel/Zotero/storage/FQ4UBJCE/Aspect et al. - 1982 - Experimental Test of Bell's Inequalities Using Time- Varying Analyzers.pdf:application/pdf},
}

@book{bertlmann_quantum_2002,
	location = {Berlin, Heidelberg s.l},
	title = {Quantum [Un]speakables: From Bell to Quantum Information},
	isbn = {978-3-642-07664-0 978-3-662-05032-3},
	shorttitle = {Quantum [Un]speakables},
	abstract = {This outstanding collection of essays in commemoration of John S. Bell is the result of the "Quantum (Un)speakables" conference organised by the University of Vienna. The title was taken from a famous note written by John Bell during the "Schrödinger Symposium" of 1987. The book leads the reader from the foundations of quantum mechanics to quantum entanglement, quantum cryptography, and quantum information, and is written for all those who need more insight into this new area of physics},
	pagetotal = {485},
	publisher = {Springer Berlin Heidelberg},
	author = {Bertlmann, Reinhold A. and Zeilinger, Anton},
	date = {2002},
	doi = {10.1007/978-3-662-05032-3},
	file = {Submitted Version:/home/oel/Zotero/storage/L8WP6C4R/Bertlmann and Zeilinger - 2002 - Quantum [Un]speakables From Bell to Quantum Information.pdf:application/pdf},
}

@article{einstein_can_1935,
	title = {Can Quantum-Mechanical Description of Physical Reality Be Considered Complete?},
	volume = {47},
	rights = {https://link.aps.org/licenses/aps-default-license},
	issn = {0031-899X},
	url = {https://link.aps.org/doi/10.1103/PhysRev.47.777},
	doi = {10.1103/PhysRev.47.777},
	pages = {777--780},
	number = {10},
	journaltitle = {Physical Review},
	shortjournal = {Phys. Rev.},
	author = {Einstein, A. and Podolsky, B. and Rosen, N.},
	urldate = {2025-09-07},
	date = {1935-05-15},
	langid = {english},
	file = {PDF:/home/oel/Zotero/storage/PYA85WQB/Einstein et al. - 1935 - Can Quantum-Mechanical Description of Physical Reality Be Considered Complete.pdf:application/pdf},
}

@article{bell_einstein_nodate,
	title = {On the Einstein Podolsky Rosen paradox*},
	doi = {https://doi.org/10.1103/PhysRev.47.777},
	author = {Bell, J S},
	langid = {english},
	file = {PDF:/home/oel/Zotero/storage/RQM9KKE5/Bell - On the Einstein Podolsky Rosen paradox.pdf:application/pdf},
}

@article{mckenzie_interpretation_nodate,
	title = {An Interpretation of Relativistic Spin Entanglement Using Geometric Algebra},
	author = {{McKenzie}, Crystal-Ann},
	langid = {english},
	file = {PDF:/home/oel/Zotero/storage/VDKGLWIU/McKenzie - An Interpretation of Relativistic Spin Entanglement Using Geometric Algebra.pdf:application/pdf},
}

@incollection{dorst_interaction_2002,
	location = {Boston, {MA}},
	title = {Interaction and Entanglement in the Multiparticle Spacetime Algebra},
	isbn = {978-1-4612-6606-8 978-1-4612-0089-5},
	url = {http://link.springer.com/10.1007/978-1-4612-0089-5_21},
	pages = {227--247},
	booktitle = {Applications of Geometric Algebra in Computer Science and Engineering},
	publisher = {Birkhäuser Boston},
	author = {Havel, Timothy F. and Doran, Chris J. L.},
	editor = {Dorst, Leo and Doran, Chris and Lasenby, Joan},
	urldate = {2025-09-17},
	date = {2002},
	langid = {english},
	doi = {10.1007/978-1-4612-0089-5_21},
	file = {Submitted Version:/home/oel/Zotero/storage/QHU4CNV9/Havel and Doran - 2002 - Interaction and Entanglement in the Multiparticle Spacetime Algebra.pdf:application/pdf},
}

@article{aoto_calculating_2020,
	title = {Calculating the distance from an electronic wave function to the manifold of Slater determinants through the geometry of Grassmannians},
	volume = {102},
	issn = {2469-9926, 2469-9934},
	url = {https://link.aps.org/doi/10.1103/PhysRevA.102.052803},
	doi = {10.1103/PhysRevA.102.052803},
	pages = {052803},
	number = {5},
	journaltitle = {Physical Review A},
	shortjournal = {Phys. Rev. A},
	author = {Aoto, Yuri Alexandre and Da Silva, Márcio Fabiano},
	urldate = {2025-10-01},
	date = {2020-11-06},
	langid = {english},
	file = {Submitted Version:/home/oel/Zotero/storage/H2AI3PBX/Aoto and Da Silva - 2020 - Calculating the distance from an electronic wave function to the manifold of Slater determinants thr.pdf:application/pdf},
}

@misc{IBorhEinstein,
  author       = {Ehrenfest, Paul},
  title        = {Niels Bohr and Albert Einstein},
  year         = {1925},
  month        = {December},
  day          = {11},
  howpublished = {Photograph},
  url          = {http://www.dfi.dk/dfi/pressroom/kbhfortolkningen/},
  note         = {Fotografía tomada en la casa de Ehrenfest en Leiden. El cargador original en Wikipedia fue Graf de de.wikipedia.}
}

@article{Einstein1935,
  author    = {Einstein, A. and Podolsky, B. and Rosen, N.},
  title     = {{Can Quantum-Mechanical Description of Physical Reality Be Considered Complete?}},
  journal   = {Physical Review},
  volume    = {47},
  issue     = {10},
  pages     = {777--780},
  year      = {1935},
  month     = {May},
  publisher = {American Physical Society (APS)},
  doi       = {10.1103/PhysRev.47.777}
}

@misc{Google2025_AliceBob,
  author       = {Google},
  title        = {Ilustración de Alice y Bob midiendo partículas entrelazadas separadas por una gran distancia},
  howpublished = {Imagen generada por IA},
  year         = {2025},
  month        = {oct},
  note         = {Generado con el modelo de IA Gemini.}
}

@misc{IBohr,
  author       = {{Bain News Service}},
  title        = {Prof. Bohr},
  year         = {c. 1910},
  howpublished = {Fotografía en negativo de vidrio},
  institution  = {Library of Congress, Prints and Photographs Division},
  url          = {https://www.loc.gov/pictures/item/2014715454/},
  note         = {Parte de la colección George Grantham Bain. ID digital: ggbain.35303}
}

@misc{Anon1933_Schrodinger,
  author       = {{Fotógrafo desconocido}},
  title        = {Retrato de Erwin Schrödinger},
  year         = {1933},
  howpublished = {Fotografía},
  institution  = {Österreichische Nationalbibliothek (Biblioteca Nacional de Austria)},
  url          = {http://search.bildarchiv.at/object/161477},
  note         = {La imagen de referencia es una versión coloreada de esta fotografía original.}
}

@misc{Anon_Bohm,
  author       = {{Fotógrafo desconocido}},
  title        = {Fotografía de David Bohm},
  howpublished = {Fotografía},
  url          = {http://www.cartage.org.lb/en/themes/Biographies/MainBiographies/B/Bohm/1.html},
  urldate      = {2025-10-01},
  note         = {La fecha de creación de la fotografía es desconocida. La URL corresponde a la fuente original citada en Wikimedia Commons.}
}

@misc{Google2025_Entangled,
  author       = {Google},
  title        = {Una fuente emite dos partículas entrelazadas con espín opuesto},
  howpublished = {Imagen generada por IA},
  year         = {2025},
  month        = {oct},
  note         = {Generado con el modelo de IA Gemini.}
}

@misc{Google2025_PhotonScheme,
  author       = {Google},
  title        = {Esquema del experimento: una fuente emite dos fotones entrelazados},
  howpublished = {Imagen generada por IA},
  year         = {2025},
  month        = {oct},
  note         = {Generado con el modelo de IA Gemini.}
}

@article{Bohr1935,
  author    = {Bohr, N.},
  title     = {{Can Quantum-Mechanical Description of Physical Reality Be Considered Complete?}},
  journal   = {Physical Review},
  volume    = {48},
  issue     = {8},
  pages     = {696--702},
  year      = {1935},
  month     = {oct},
  publisher = {American Physical Society (APS)},
  doi       = {10.1103/PhysRev.48.696}
}

@article{Schrodinger1935,
  author    = {Schrödinger, E.},
  title     = {{Discussion of Probability Relations between Separated Systems}},
  journal   = {Mathematical Proceedings of the Cambridge Philosophical Society},
  volume    = {31},
  issue     = {4},
  pages     = {555--563},
  year      = {1935},
  month     = {oct},
  publisher = {Cambridge University Press},
  doi       = {10.1017/S0305004100013554}
}

@article{Bohm1957,
  author    = {Bohm, D. and Aharonov, Y.},
  title     = {{Discussion of Experimental Proof for the Paradox of Einstein, Rosen, and Podolsky}},
  journal   = {Physical Review},
  volume    = {108},
  issue     = {5},
  pages     = {1371--1373},
  year      = {1957},
  month     = {dec},
  publisher = {American Physical Society (APS)},
  doi       = {10.1103/PhysRev.108.1371}
}

@article{Wu1950,
  author    = {Wu, C. S. and Shaknov, I.},
  title     = {The Angular Correlation of Scattered Annihilation Radiation},
  journal   = {Physical Review},
  volume    = {77},
  issue     = {1},
  pages     = {136},
  year      = {1950},
  month     = {jan},
  publisher = {American Physical Society (APS)},
  doi       = {10.1103/PhysRev.77.136}
}

@article{Freedman1972,
  author    = {Freedman, Stuart J. and Clauser, John F.},
  title     = {Experimental Test of Local Hidden-Variable Theories},
  journal   = {Physical Review Letters},
  volume    = {28},
  issue     = {14},
  pages     = {938--941},
  year      = {1972},
  month     = {apr},
  publisher = {American Physical Society (APS)},
  doi       = {10.1103/PhysRevLett.28.938}
}
